@book{layout,
  author    = {Jens Lienig},
  title     = {Layoutsynthese elektronischer Schaltungen},
  isbn      = {3-540-29627-1},
  publisher = {Springer-Verlag Berlin Heidelberg},
  year      = {2006}
}
